@Article{lme4,
    title = {Fitting Linear Mixed-Effects Models Using {lme4}},
    author = {Douglas Bates and Martin M{\"a}chler and Ben Bolker and Steve Walker},
    journal = {Journal of Statistical Software},
    year = {2015},
    volume = {67},
    number = {1},
    pages = {1--48},
    doi = {10.18637/jss.v067.i01},
  }
  
  @Book{car,
    title = {An {R} Companion to Applied Regression},
    edition = {Second},
    author = {John Fox and Sanford Weisberg},
    year = {2011},
    publisher = {Sage},
    address = {Thousand Oaks {CA}},
    url = {http://socserv.socsci.mcmaster.ca/jfox/Books/Companion},
  }
  
  @Manual{gmodels,
    title = {gmodels: Various R Programming Tools for Model Fitting},
    author = {Gregory R. Warnes and Ben Bolker and Thomas Lumley and Randall C Johnson. Contributions from Randall C. Johnson are Copyright SAIC-Frederick and Inc. Funded by the Intramural Research Program and of the NIH and National Cancer Institute and Center for Cancer Research under NCI Contract NO1-CO-12400.},
    year = {2015},
    note = {R package version 2.16.2},
    url = {https://CRAN.R-project.org/package=gmodels},
  }
  
@Manual{nlme,
    title = {{nlme}: Linear and Nonlinear Mixed Effects Models},
    author = {Jose Pinheiro and Douglas Bates and Saikat DebRoy and Deepayan Sarkar and {R Core Team}},
    year = {2015},
    note = {R package version 3.1-122},
    url = {http://CRAN.R-project.org/package=nlme},
  }